
@article{ kovacs2012magyar,
  author = "Kov\'acs, L\'aszl\'o and Orosz, Katalin and Pollner, P\'eter",
  title = "Magyar sz\'oasszoci\'aci\'ok h\'al\'ozata",
  journal = "Magyar Tudom\'any",
  year = 2012,
  volume = 173,
  number = 6,
  pages = "699--705",
  OPTurl = "pdfps-url, citesseer-url"
}

